@ARTICLE {schnorr94,
    author  = "C. P. Schnorr and M. Euchner",
    title   = "Lattice Basis Reduction: Improved Practical Algorithms and Solving Subset Sum Problems.",
    journal = "Mathematical programming",
    year    = "1994",
    volume  = "66.1-3",
    pages   = "181-199"
}

@MASTERSTHESIS {lamacchia91,
    author = "LaMacchia, Brian A.",
    title  = "Basis reduction algorithms and subset sum problems.",
    school = "Massachusetts Institute of Technology",
    year   = "1991"
}

@ARTICLE {wan2015,
    author  = "Lanjun Wan et al.",
    title   = "GPU implementation of a parallel two-list algorithm for the subset-sum problem",
    journal = "Concurrency and Computation: Practice and Experience",
    year    = "2015",
    volume  = "27.1",
    pages   = "119-145"
}

@ARTICLE {kreher1988,
    author  = "Radziszowski, Stanislaw and Donald Kreher",
    title   = "Solving subset sum problems with the L3 algorithm",
    journal = "The Charles Babbage Research Centre: The Journal of Combinatorial Mathematics and Combinatorial Computing",
    year    = "1988",
    volume  = "3"
}

@ARTICLE {lagarias1985,
    author  = "Lagarias, Jeffrey C. and Andrew M. Odlyzko.",
    title   = "Solving low-density subset sum problems",
    journal = "Journal of the ACM (JACM)",
    year    = "1985",
    volume  = "32",
    number  = "1",
    pages   = "229-246"
}

@BOOK {garey1979,
    author    = "Garey, Michael, and Johnson, David",
    title     = "Computers and Intractability: A Guide to the Theory of NP-Completeness",
    publisher = "W. H. Freeman and Company",
    year      = "1979"
}

@BOOK {lyubashevsky2005,
    author    = "Lyubashevsky, Vadim",
    title     = "Approximation, Randomization and Combinatorial Optimization. Algorithms and Techniques.",
    publisher = "Springer Berlin Heidelberg",
    year      = "2005"
}

@TECHREPORT {karp1972,
    author      = "Karp, Richard",
    title       = "Reducibility Among Combinatorial Problems",
    institution = "University of California at Berkeley",
    year        = "1972"
}

@ARTICLE {koiliaris2016,
    author  = "Koiliaris, Konstantinos, and Xu, Chao",
    title   = "A Faster Pseudopolynomial Time Algorithm for Subset Sum",
    journal = "Proceedings of the Twenty-Eighth Annual ACM-SIAM Symposium on Discrete Algorithms",
    year    = "2016"
}

@ARTICLE {caprara2000,
    author  = "Caprara et al.",
    title   = "The Multiple Subset Sum Problem",
    journal = "Society for Industrial and Applied Mathematics",
    year    = "2000"
}

@ARTICLE {chaimovich1989,
    author  = "Chaimovich, Mark, and Freiman, Gregory",
    title   = "Solving Dense Subset-Sum Problems by Using Analytical Number Theory",
    journal = "Journal of Complexity",
    year    = "1989"
}